@article{Zerilli:1971wd,
      author         = "Zerilli, F. J.",
      title          = "{Gravitational field of a particle falling in a
                        Schwarzschild geometry analyzed in tensor harmonics}",
      journal        = "Phys. Rev. D",
      volume         = "2",
      year           = "1970",
      pages          = "2141-2160",
      doi            = "10.1103/PhysRevD.2.2141",
      SLACcitation   = "%%CITATION = PHRVA,D2,2141;%%"
}
